<record><leader>00000cas a22000007a 4500</leader><controlfield tag="001">18422262</controlfield><controlfield tag="008">880829d19121914lauwr ne      0    0eng d</controlfield><datafield ind1=" " ind2=" " tag="010"><subfield code="a">sn 88064451 </subfield></datafield><datafield ind1=" " ind2=" " tag="040"><subfield code="a">LNP</subfield><subfield code="b">eng</subfield><subfield code="c">LNP</subfield><subfield code="d">OCLCQ</subfield></datafield><datafield ind1=" " ind2=" " tag="042"><subfield code="a">msc</subfield></datafield><datafield ind1="0" ind2=" " tag="130"><subfield code="a">Weekly times-Democrat (New Orleans, La. : 1912)</subfield></datafield><datafield ind1="1" ind2="4" tag="245"><subfield code="a">The Weekly times-Democrat.</subfield></datafield><datafield ind1=" " ind2=" " tag="260"><subfield code="a">New Orleans [La.] :</subfield><subfield code="b">Times-Democrat Pub. Co.</subfield></datafield><datafield ind1=" " ind2=" " tag="300"><subfield code="a">v.</subfield></datafield><datafield ind1=" " ind2=" " tag="310"><subfield code="a">Weekly</subfield></datafield><datafield ind1="1" ind2=" " tag="362"><subfield code="a">Began in Feb. 1912? Ceased in 1914.</subfield></datafield><datafield ind1=" " ind2=" " tag="588"><subfield code="a">Description based on: Vol. 16, no. 2615 (Mar. 8, 1912)-</subfield></datafield><datafield ind1=" " ind2=" " tag="752"><subfield code="a">United States</subfield><subfield code="b">Louisiana</subfield><subfield code="c">Orleans</subfield><subfield code="d">New Orleans.</subfield></datafield><datafield ind1="0" ind2=" " tag="775"><subfield code="t">Times-Democrat (New Orleans, La. : 1881)</subfield><subfield code="w">(DLC)sn 83016709</subfield></datafield><datafield ind1="0" ind2="0" tag="780"><subfield code="t">Semi-weekly times-Democrat (New Orleans, La.)</subfield><subfield code="w">(DLC)sn 87090569</subfield></datafield><datafield ind1="0" ind2="7" tag="785"><subfield code="t">Twice-a-week New Orleans picayune</subfield><subfield code="w">(DLC)sn 88064706</subfield></datafield><datafield ind1="0" ind2="7" tag="785"><subfield code="t">Weekly times-Democrat New Orleans picayune</subfield><subfield code="w">(DLC)sn 88064707</subfield></datafield></record>